@inproceedings{sanborn2007markov,
  title={{Markov chain Monte Carlo with People}},
  author={Sanborn, Adam N and Griffiths, Thomas L},
  booktitle={Advances in neural information processing systems},
  pages={1265--1272},
  year={2007}
}

@article{sanborn2016bayesian,
  title={Bayesian brains without probabilities},
  author={Sanborn, Adam N and Chater, Nick},
  journal={Trends in Cognitive Sciences},
  volume={20},
  number={12},
  pages={883--893},
  year={2016},
  publisher={Elsevier},
  doi={10.1016/j.tics.2016.10.003}
}

@article{gelman1992inference,
  title={Inference from iterative simulation using multiple sequences},
  author={Gelman, Andrew and Rubin, Donald B},
  journal={Statistical science},
  pages={457--472},
  year={1992},
  publisher={JSTOR}
}

@inproceedings{plummer2003jags,
  title={{JAGS: A program for analysis of Bayesian graphical models using Gibbs sampling}},
  author={Plummer, Martyn},
  booktitle={Proceedings of the 3rd international workshop on distributed statistical computing},
  volume={124},
  pages={125},
  year={2003}
}

@article{spiegelhalter2002bayesian,
  title={Bayesian measures of model complexity and fit},
  author={Spiegelhalter, David J and Best, Nicola G and Carlin, Bradley P and Van Der Linde, Angelika},
  journal={Journal of the Royal Statistical Society: Series B (Statistical Methodology)},
  volume={64},
  number={4},
  pages={583--639},
  year={2002},
  publisher={Wiley Online Library}
}

@article{buhrmester2011amazon,
  title={{Amazon's Mechanical Turk a new source of inexpensive, yet high-quality, data?}},
  author={Buhrmester, Michael and Kwang, Tracy and Gosling, Samuel D},
  journal={Perspectives on psychological science},
  volume={6},
  number={1},
  pages={3--5},
  year={2011},
  publisher={Sage Publications},
  doi={10.1177/1745691610393980}
}

@book{lee2014bayesian,
  title={{Bayesian cognitive modeling: A practical course}},
  author={Lee, Michael D and Wagenmakers, EJ},
  year={2014},
  publisher={Cambridge University Press}
}

@Manual{R-papaja,
  author = {Frederik Aust and Marius Barth},
  title = {{papaja: Create APA manuscripts with RMarkdown}},
  year = {2016},
  note = {R package version 0.1.0.9440},
  url = {https://github.com/crsh/papaja},
}

@Manual{R-base,
  title = {R: A Language and Environment for Statistical Computing},
  author = {{R Core Team}},
  organization = {R Foundation for Statistical Computing},
  address = {Vienna, Austria},
  year = {2016},
  url = {https://www.R-project.org/},
}

@article{metropolis1953equation,
  title={Equation of state calculations by fast computing machines},
  author={Metropolis, Nicholas and Rosenbluth, Arianna W and Rosenbluth, Marshall N and Teller, Augusta H and Teller, Edward},
  journal={The journal of chemical physics},
  volume={21},
  number={6},
  pages={1087--1092},
  year={1953},
  publisher={AIP Publishing}
}

@article{hastings1970monte,
  title={{Monte Carlo sampling methods using Markov chains and their applications}},
  author={Hastings, W Keith},
  journal={Biometrika},
  volume={57},
  number={1},
  pages={97--109},
  year={1970},
  publisher={Biometrika Trust}
}

@article{barker1965monte,
  title={{Monte Carlo calculations of the radial distribution functions for a proton? electron plasma}},
  author={Barker, AA},
  journal={Australian Journal of Physics},
  volume={18},
  number={2},
  pages={119--134},
  year={1965},
  publisher={CSIRO}
}

@incollection{wagenmakers2015need,
  title={{The need for Bayesian hypothesis testing in psychological science}},
  author={Wagenmakers, EJ and Verhagen, AJ and Ly, A and Matzke, D and Steingroever, H and Rouder, JN and Morey, RD},
  journal={Psychological science under scrutiny: Recent challenges and proposed solutions},
  editor={Papafragou A., and Grodner D., and Mirman, D., and Trueswell J. C.},
  publisher={John Wiley \& Sons},
  year={2015}
}

@article{lee2011cognitive,
  title={{How cognitive modeling can benefit from hierarchical Bayesian models}},
  author={Lee, Michael D},
  journal={Journal of Mathematical Psychology},
  volume={55},
  pages={1--7},
  year={2011},
  doi={10.1016/j.jmp.2010.08.013}
}

@book{marcus2009kluge,
  title={{Kluge: The haphazard evolution of the human mind}},
  author={Marcus, Gary},
  year={2009},
  publisher={Houghton Mifflin Harcourt}
}

@book{jackman2009bayesian,
  title={Bayesian analysis for the social sciences},
  author={Jackman, Simon},
  volume={846},
  year={2009},
  publisher={John Wiley \& Sons}
}

@article{franke2016probabilistic,
  title={{Probabilistic pragmatics, or why Bayes’ rule is probably important for pragmatics}},
  author={Franke, Michael and J{\"a}ger, Gerhard},
  journal={Zeitschrift f{\"u}r Sprachwissenschaft},
  volume={35},
  number={1},
  pages={3--44},
  year={2016},
  doi={10.1515/zfs-2016-0002}
}

@article{ravenzwaaij2016simple,
  title={{A simple introduction to Markov Chain Monte--Carlo sampling}},
  author={Ravenzwaaij, Don and Cassey, Pete and Brown, Scott D},
  journal={Psychonomic bulletin \& review},
  pages={1--12},
  year={2016},
  publisher={Springer},
  doi={10.3758/s13423-016-1015-8}
}

@inproceedings{franke2016cogsci,
    title = {{What does the crowd believe? A hierarchical approach to estimating subjective beliefs from empirical data}},
    booktitle = {{Proceedings of the 38th Annual Conference of the Cognitive Science Society}},
    author = {Franke, Michael and Dablander, Fabian and Schöller, Anthea and Bennett, Erin and Degen, Judith and Henry-Tessler, Michael and Kao, Justine and Goodman, Noah D},
    editor = {Papafragou A., and Grodner D., and Mirman, D., and Trueswell J. C.},
    pages = {2669--2674},
    year = {2016}
}

@article{chater2010bayesian,
  title={Bayesian models of cognition},
  author={Chater, Nick and Oaksford, Mike and Hahn, Ulrike and Heit, Evan},
  journal={Wiley Interdisciplinary Reviews: Cognitive Science},
  volume={1},
  number={6},
  pages={811--823},
  year={2010},
  publisher={Wiley Online Library},
  doi={10.1002/wcs.79}
}

@article{marcus2013robust,
  title={How robust are probabilistic models of higher-level cognition?},
  author={Marcus, Gary and Davis, Ernest},
  journal={Psychological science},
  volume={24},
  number={12},
  pages={2351--2360},
  year={2013},
  publisher={Sage Publications},
  doi={10.1177/0956797613495418}
}

@article{tversky1983extensional,
  title={{Extensional versus intuitive reasoning: The conjunction fallacy in probability judgment}},
  author={Tversky, Amos and Kahneman, Daniel},
  journal={Psychological review},
  volume={90},
  number={4},
  pages={293--315},
  year={1983},
  publisher={American Psychological Association}
}