@Manual{R-base,
  title = {R: A Language and Environment for Statistical Computing},
  author = {{R Core Team}},
  organization = {R Foundation for Statistical Computing},
  address = {Vienna, Austria},
  year = {2016},
  url = {https://www.R-project.org/},
}
@Manual{R-dplyr,
  title = {dplyr: A Grammar of Data Manipulation},
  author = {Hadley Wickham and Romain Francois},
  year = {2016},
  note = {R package version 0.5.0},
  url = {https://CRAN.R-project.org/package=dplyr},
}
@Article{R-ggmcmc,
  title = {{ggmcmc}: Analysis of {MCMC} Samples and {B}ayesian Inference},
  author = {Xavier Fern{\'a}ndez-i-Mar{\'i}n},
  journal = {Journal of Statistical Software},
  year = {2016},
  volume = {70},
  number = {9},
  pages = {1--20},
  doi = {10.18637/jss.v070.i09},
}
@Book{R-ggplot2,
  author = {Hadley Wickham},
  title = {ggplot2: Elegant Graphics for Data Analysis},
  publisher = {Springer-Verlag New York},
  year = {2009},
  isbn = {978-0-387-98140-6},
  url = {http://ggplot2.org},
}
@Manual{R-gridExtra,
  title = {gridExtra: Miscellaneous Functions for "Grid" Graphics},
  author = {Baptiste Auguie},
  year = {2016},
  note = {R package version 2.2.1},
  url = {https://CRAN.R-project.org/package=gridExtra},
}
@Manual{R-papaja,
  author = {Frederik Aust and Marius Barth},
  title = {papaja: Create APA manuscripts with RMarkdown},
  year = {2016},
  note = {R package version 0.1.0.9440},
  url = {https://github.com/crsh/papaja},
}
@Manual{R-RColorBrewer,
  title = {RColorBrewer: ColorBrewer Palettes},
  author = {Erich Neuwirth},
  year = {2014},
  note = {R package version 1.1-2},
  url = {https://CRAN.R-project.org/package=RColorBrewer},
}
@Article{R-reshape2,
  title = {Reshaping Data with the {reshape} Package},
  author = {Hadley Wickham},
  journal = {Journal of Statistical Software},
  year = {2007},
  volume = {21},
  number = {12},
  pages = {1--20},
  url = {http://www.jstatsoft.org/v21/i12/},
}
@Manual{R-shiny,
  title = {shiny: Web Application Framework for R},
  author = {Winston Chang and Joe Cheng and JJ Allaire and Yihui Xie and Jonathan McPherson},
  year = {2016},
  note = {R package version 0.14.1},
  url = {https://CRAN.R-project.org/package=shiny},
}
@Manual{R-stringr,
  title = {stringr: Simple, Consistent Wrappers for Common String Operations},
  author = {Hadley Wickham},
  year = {2016},
  note = {R package version 1.1.0},
  url = {https://CRAN.R-project.org/package=stringr},
}
@Manual{R-tidyr,
  title = {tidyr: Easily Tidy Data with `spread()` and `gather()` Functions},
  author = {Hadley Wickham},
  year = {2016},
  note = {R package version 0.6.0},
  url = {https://CRAN.R-project.org/package=tidyr},
}
@Article{R-VGAM_a,
  title = {Vector Generalized Additive Models},
  author = {Thomas W. Yee and C. J. Wild},
  journal = {Journal of Royal Statistical Society, Series B},
  year = {1996},
  volume = {58},
  number = {3},
  pages = {481--493},
}
@Article{R-VGAM_b,
  title = {The {VGAM} Package for Categorical Data Analysis},
  author = {Thomas W. Yee},
  journal = {Journal of Statistical Software},
  year = {2010},
  volume = {32},
  number = {10},
  pages = {1--34},
  url = {http://www.jstatsoft.org/v32/i10/},
}
@Article{R-VGAM_c,
  title = {Row-column interaction models, with an {R} implementation},
  author = {Thomas W. Yee and Alfian F. Hadi},
  journal = {Computational Statistics},
  year = {2014},
  volume = {29},
  number = {6},
  pages = {1427--1445},
}
@Article{R-VGAM_d,
  title = {Two-parameter reduced-rank vector generalized linear models},
  author = {Thomas W. Yee},
  journal = {Computational Statistics and Data Analysis},
  year = {2013},
  url = {http://ees.elsevier.com/csda},
}
@Article{R-VGAM_e,
  title = {The {VGAM} Package for Capture-Recapture Data Using the Conditional Likelihood},
  author = {Thomas W. Yee and Jakub Stoklosa and Richard M. Huggins},
  journal = {Journal of Statistical Software},
  year = {2015},
  volume = {65},
  number = {5},
  pages = {1--33},
  url = {http://www.jstatsoft.org/v65/i05/},
}
@Article{R-coda,
  title = {CODA: Convergence Diagnosis and Output Analysis for MCMC},
  author = {Martyn Plummer and Nicky Best and Kate Cowles and Karen Vines},
  journal = {R News},
  year = {2006},
  volume = {6},
  number = {1},
  pages = {7--11},
  url = {http://CRAN.R-project.org/doc/Rnews/},
  pdf = {http://CRAN.R-project.org/doc/Rnews/Rnews_2006-1.pdf},
}
@Manual{R-jagsUI,
  title = {jagsUI: A Wrapper Around 'rjags' to Streamline 'JAGS' Analyses},
  author = {Ken Kellner},
  year = {2016},
  note = {R package version 1.4.2},
  url = {https://CRAN.R-project.org/package=jagsUI},
}
@Book{R-lattice,
  title = {Lattice: Multivariate Data Visualization with R},
  author = {Deepayan Sarkar},
  publisher = {Springer},
  address = {New York},
  year = {2008},
  note = {ISBN 978-0-387-75968-5},
  url = {http://lmdvr.r-forge.r-project.org},
}
@Manual{R-rjags,
  title = {rjags: Bayesian Graphical Models using MCMC},
  author = {Martyn Plummer},
  year = {2016},
  note = {R package version 4-6},
  url = {https://CRAN.R-project.org/package=rjags},
}
